@ARTICLE{vsbn07,
author = {Lucy Vanderwende and Hisami Suzuki and Chris Brockett and Ani Nenkova},
title = {Beyond sumbasic: Task-focused summarization with sentence simplification and lexical expansion},
journal = {Information Processing and Management},
volume = {43},
number = {6},
pgs = {1606-1618}
}

@InProceedings{nv05,
author = {Aniv Nenkova and Lucy Venderwende},
year = {2005},
title = {The impact of frequency on summarization},
booktitle = {Microsoft Research, Redmond, Washington Tech. Rep. MSR-TR 2005-101}
}

@InProceedings{pb07,
author = {K Patil and P Bradzil},
year = {2007},
title = {Sumgraph: Text summarization using centrality in the pathfinder network}
booktitle = {IADIS}
}

@InProceedings{er04,
author = {Erkan and D Radev},
title = {Lexrank: Graph-based lexical centrality as salience in text}
booktitle = {JAIR}
pages = {457â€“479}
year = {2004}
}

@ARTICLE{kmeans,
author = {Manjula and Sarvar Begum and D Venkata Swetha Ramana},
title = {Extracting Summary from Documents Using K-Mean Clustering Algorithm},
year = {2013},
volume = {2},
number = {8},
pgs = {3242-3246}
}

@article{Padmapriya2014,
author = {Padmapriya, G and Duraiswamy, K},
doi = {10.3844/jcssp.2014.1.9},
file = {::},
issn = {1549-3636},
journal = {Journal of Computer Science},
keywords = {Multi-Document,RBM,Redundancy,Summary},
number = {1},
pages = {1--9},
title = {{An approach for text summarization using deep learning algorithm}},
url = {http://www.thescipub.com/jcs.toc},
volume = {10},
year = {2014}
}

@article{Pal2013,
author = {Pal, Alok Ranjan and Maiti, Projjwal Kumar and Saha, Diganta},
doi = {10.5121/ijctcm.2013.3502},
file = {::},
journal = {International Journal of Control Theory and Computer Modeling (IJCTCM)},
number = {45},
title = {{An Approach To Automatic Text Summarization Using Simplified Lesk Algorithm And Wordnet}},
url = {http://airccse.org/journal/ijctcm/papers/3513ijctcm02.pdf},
volume = {3},
year = {2013}
}

@article{Neto,
author = {Neto, Joel Larocca and Freitas, Alex A and Kaestner, Celso A A},
file = {::},
title = {{Automatic Text Summarization using a Machine Learning Approach}},
url = {http://www.ppgia.pucpr.br/{~}alex}
}
